@online{devicetree,
    author = "Wikimedia",
    title = "Devicetree",
    url  = "https://en.wikipedia.org/wiki/Devicetree",
    addendum = "(accessed: 13.04.2025)",
    keywords = "latex,wikipedia,devicetree"
}

@online{RTOS,
    author="Wikimedia",
    title = "Real-time operating system",
    url = "https://en.wikipedia.org/wiki/Real-time_operating_system",
    addendum= "(accessed: 15.04.2025)",
    keywords = "latex,wikipedia,RTOS"
}

@online{NordicFundamentals,
    author="Nordic",
    title = "nRF Connect SDK Fundamentals",
    url = "https://academy.nordicsemi.com/courses/nrf-connect-sdk-fundamentals/",
    addendum= "(accessed: 15.04.2025)",
    keywords = "latex,nordic,RTOS"
}

@online{NordicAdvanced,
    author="Nordic",
    title = "nRF Connect SDK Intermediate",
    url = "https://academy.nordicsemi.com/courses/nrf-connect-sdk-intermediate/",
    addendum= "(accessed: 15.04.2025)",
    keywords = "latex,nordic,RTOS"
}